<?xml version="1.0" encoding="UTF-8"?><collection xmlns="http://www.loc.gov/MARC21/slim"><record><leader>00476nam--2200169-i-4500</leader><controlfield tag="001">000011299</controlfield><controlfield tag="002">20161230</controlfield><controlfield tag="005">20170126223435</controlfield><controlfield tag="008">060222s1000------------r-----000-0-eng-d</controlfield><datafield ind1=" " ind2=" " tag="080"><subfield code="a">530.145:537.8</subfield></datafield><datafield ind1=" " ind2=" " tag="100"><subfield code="a">Chirgwin, B. H</subfield></datafield><datafield ind1=" " ind2=" " tag="245"><subfield code="a">Elementary electromagnetic theory. Maxwell's equations and their consequences</subfield></datafield><datafield ind1=" " ind2=" " tag="260"><subfield code="a">Oxford</subfield><subfield code="b">Pergamon Press</subfield><subfield code="c">1971</subfield></datafield><datafield ind1=" " ind2=" " tag="300"><subfield code="a">VIII + /441-602/ p</subfield></datafield><datafield ind1=" " ind2=" " tag="700"><subfield code="a">Kilmister, C. W</subfield></datafield><datafield ind1=" " ind2=" " tag="852"><subfield code="a">37558</subfield></datafield><datafield ind1=" " ind2=" " tag="CAT"><subfield code="a">SYS</subfield><subfield code="c">20170126</subfield><subfield code="h">223435</subfield></datafield></record></collection>